@article{raharjo2015belajar,
  title={Belajar Otodidak Framework CodeIgniter},
  author={Raharjo, Budi},
  journal={Bandung: Informatika},
  year={2015}
}

@book{subagia2018kolaborasi,
  title={Kolaborasi Codeigniter dan Ajax dalam Perancangan CMS},
  author={Subagia, Anton},
  year={2018},
  publisher={Elex Media Komputindo}
}

@misc{david2017codeigniter,
  title={Codeigniter Vs Laravel Kasus membuat Website Pencari Kerja},
  author={David, N},
  year={2017},
  publisher={Yogyakarta: CV. Lokomedia}
}

@book{subagia2017membangun,
  title={Membangun Aplikasi dengan CodeIgniter dan Database SQL Server},
  author={Subagia, Anton},
  year={2017},
  publisher={Elex Media Komputindo}
}

@article{meiriza2019implementasi,
  title={Implementasi Metode Entropy dan Technique For Order Preference by Similarity to Ideal Solution (TOPSIS) dalam Pemilihan Biro Perjalanan Umroh},
  author={Meiriza, Allsela and Ruskan, Endang Lestari and Zulfahmi, Rido},
  journal={Teknomatika},
  volume={9},
  number={1},
  year={2019}
}

@article{harahap2017penerapan,
  title={PENERAPAN METODE ENTROPY DAN METODE PROMETHEE DALAM MERANGKING KUALITAS GETAH KARET},
  author={Harahap, Anggi Syahadat and Tulus, Tulus and Budhiarti, Erna},
  journal={Pelita Informatika: Informasi dan Informatika},
  volume={16},
  number={3},
  year={2017}
}

@article{chai2018new,
  title={A new qualitative acoustic emission parameter based on Shannon’s entropy for damage monitoring},
  author={Chai, Mengyu and Zhang, Zaoxiao and Duan, Quan},
  journal={Mechanical Systems and Signal Processing},
  volume={100},
  pages={617--629},
  year={2018},
  publisher={Elsevier}
}

@inproceedings{wu2019application,
  title={Application of TOPSIS Method Based on Entropy Weight in Economic Activity Analysis of Power Grid Companies},
  author={Wu, Shanshan and Liang, Xuanqi},
  booktitle={International Conference on Application of Intelligent Systems in Multi-modal Information Analytics},
  pages={841--849},
  year={2019},
  organization={Springer}
}

@article{malekian2016application,
  title={Application of integrated Shannon’s entropy and VIKOR techniques in prioritization of flood risk in the Shemshak watershed, Iran},
  author={Malekian, Arash and Azarnivand, Ali},
  journal={Water Resources Management},
  volume={30},
  number={1},
  pages={409--425},
  year={2016},
  publisher={Springer}
}


@article{wu2011determination,
  title={Determination of weights for ultimate cross efficiency using Shannon entropy},
  author={Wu, Jie and Sun, Jiasen and Liang, Liang and Zha, Yingchun},
  journal={Expert Systems with Applications},
  volume={38},
  number={5},
  pages={5162--5165},
  year={2011},
  publisher={Elsevier}
}

@article{majdi2017penerapan,
  title={Penerapan Metode Promethee dengan Entropy Dalam Pengambilan Keputusan untuk Menentukan Siswa Berprestasi},
  author={Majdi, Abdul Hamid},
  journal={EDUMATIC: Jurnal Pendidikan Informatika},
  volume={1},
  number={2},
  pages={55--64},
  year={2017}
}

@article{saputra2016usulan,
  title={USULAN PENENTUAN PRIORITAS SUPPLIER BAHAN BAKU PLATE STEEL DENGAN METODE PROMETHEE DI PT DIRGANTARA INDONESIA (PERSERO)},
  author={Saputra, Felli and Bakar, Abu and Mustofa, Fifi Herni},
  journal={REKA INTEGRA},
  volume={4},
  number={1},
  year={2016}
}

@article{brankovic2018comparative,
  title={Comparative study of hydraulic structures alternatives using promethee II complete ranking method},
  author={Brankovic, Jelena Markovic and Markovic, Milica and Nikolic, Djordje},
  journal={Water Resources Management},
  volume={32},
  number={10},
  pages={3457--3471},
  year={2018},
  publisher={Springer}
}

@article{wu2018comprehensive,
  title={Comprehensive evaluation of coal-fired power units using grey relational analysis and a hybrid entropy-based weighting method},
  author={Wu, Dianfa and Wang, Ningling and Yang, Zhiping and Li, Chengzhou and Yang, Yongping},
  journal={Entropy},
  volume={20},
  number={4},
  pages={215},
  year={2018},
  publisher={Multidisciplinary Digital Publishing Institute}
}